<?xml version="1.0" encoding="UTF-8"?><collection xmlns="http://www.loc.gov/MARC21/slim"><record><leader>00514nam--2200169-i-4500</leader><controlfield tag="001">000046262</controlfield><controlfield tag="002">20161230</controlfield><controlfield tag="005">20161230201045</controlfield><controlfield tag="008">060222s1000------------r-----000-0-eng-d</controlfield><datafield ind1=" " ind2=" " tag="040"><subfield code="a">IFIN-HH</subfield></datafield><datafield ind1="1" ind2=" " tag="100"><subfield code="a">Van Wazer, J. R</subfield></datafield><datafield ind1="1" ind2="0" tag="245"><subfield code="a">Viscosity and flow measurement</subfield><subfield code="b">A laboratory handbook of rheology</subfield><subfield code="c">J.R. Van Wazer, J.W. Lyons, K.Y. Kim, R.E. Colwell</subfield></datafield><datafield ind1=" " ind2=" " tag="260"><subfield code="a">New York, Interscience Publishers, 1963,</subfield></datafield><datafield ind1=" " ind2=" " tag="300"><subfield code="a">XX+406P</subfield></datafield><datafield ind1="1" ind2=" " tag="700"><subfield code="a">Colwell, R.E</subfield></datafield><datafield ind1=" " ind2=" " tag="852"><subfield code="a">19921</subfield><subfield code="c">532</subfield></datafield><datafield ind1=" " ind2=" " tag="CAT"><subfield code="a">Sys</subfield><subfield code="c">20100713</subfield><subfield code="h">142818</subfield></datafield></record></collection>